@article{EVANS1979,
  author =	"R EVANS",
  title =	"NATURE OF THE LIQUID-VAPOR INTERFACE AND OTHER TOPICS IN THE STATISTICAL-MECHANICS OF NONUNIFORM, CLASSICAL FLUIDS",
  journal =	"Advances in Physics",
  year =	"1979",
  volume =	"28",
  number =	"2",
  pages =	"143-200",
  issn =	"0001-8732",
  doi =	"10.1080/00018737900101365",
  url =	"http://tinyurl.sfx.mpg.de/uavl",
}
@article{NAPIORKOWSKI1992,
  author =	"M NAPIORKOWSKI and W KOCH and S DIETRICH",
  title =	"WEDGE WETTING BY VANDERWAALS FLUIDS",
  journal =	"Physical review. A, Atomic, molecular, and optical physics",
  year =	"1992",
  volume =	"45",
  number =	"8",
  pages =	"5760-5770",
  issn =	"1050-2947",
  doi =	"10.1103/PhysRevA.45.5760",
  url =	"http://tinyurl.sfx.mpg.de/uavs",
}
@article{hauge1992macroscopic,
  title={Macroscopic theory of wetting in a wedge},
  author={Hauge, Eivind Hiis},
  journal={Physical Review A},
  volume={46},
  number={8},
  pages={4994},
  year={1992},
  publisher={APS}
}
@book{domb2000phase,
  title={Phase transitions and critical phenomena},
  author={Domb, Cyril},
  volume={19},
  year={2000},
  publisher={Academic Press}
}
@article{Rejmer1999,
  author =	"K Rejmer and S Dietrich and M Napi√≥rkowski",
  title =	"Filling transition for a wedge.",
  journal =	"Physical review. E, Statistical physics, plasmas, fluids, and related interdisciplinary topics",
  year =	"1999",
  volume =	"60",
  number =	"4",
  pages =	"4027-4042",
  issn =	"1063-651X",
  doi =	"10.1103/PhysRevE.60.4027",
  url =	"http://tinyurl.sfx.mpg.de/uavt",
}
@article{Bier2012,
  author =	"Markus Bier and Andrea Gambassi and S Dietrich",
  title =	"Local theory for ions in binary liquid mixtures.",
  journal =	"The Journal of chemical physics",
  year =	"2012",
  volume =	"137",
  number =	"3",
  pages =	"034504-034504",
  issn =	"0021-9606",
  doi =	"10.1063/1.4733973",
  url =	"http://tinyurl.sfx.mpg.de/uavu",
}
@article{Ibagon2014,
  author =	"Ingrid Ibagon and Markus Bier and S Dietrich",
  title =	"Order of wetting transitions in electrolyte solutions.",
  journal =	"The Journal of chemical physics",
  year =	"2014",
  volume =	"140",
  number =	"17",
  pages =	"174713-174713",
  issn =	"0021-9606",
  doi =	"10.1063/1.4873712",
  url =	"http://tinyurl.sfx.mpg.de/uavv",
}
@article{ibagon2014wetting,
  title={Wetting phenomena in electrolyte solutions},
  author={Ibagon, Ingrid},
  year={2014}
}
@article{Bier2014,
  author =	"Markus Bier and Ingrid Ibagon",
  title =	"Density functional theory of electrowetting.",
  journal =	"Physical review. E, Statistical, nonlinear, and soft matter physics",
  year =	"2014",
  volume =	"89",
  number =	"4",
  pages =	"042409-042409",
  issn =	"1539-3755",
  doi =	"10.1103/PhysRevE.89.042409",
  url =	"http://tinyurl.sfx.mpg.de/uavy",
}
@article{napiorkowski1994wetting,
	  title={Wetting of heterogeneous substrates},
	    author={Napiorkowski, M and Koch, W and Dietrich, S},
	      journal={Berichte der Bunsengesellschaft f{\"u}r physikalische Chemie},
	        volume={98},
		  number={3},
		    pages={411--412},
		      year={1994},
		        publisher={Wiley Online Library}
}
@article{indekeu2011much,
	  title={How much does the core structure of a three-phase contact line contribute to the line tension near a wetting transition?},
	    author={Indekeu, JO and Koga, K and Widom, B},
	      journal={Journal of Physics: Condensed Matter},
	        volume={23},
		  number={19},
		    pages={194101},
		      year={2011},
		        publisher={IOP Publishing}
}

@article{malijevsky2013critical,
	  title={Critical point wedge filling},
	    author={Malijevsk{\`y}, Alexandr and Parry, Andrew O},
	      journal={Physical review letters},
	        volume={110},
		  number={16},
		    pages={166101},
		      year={2013},
		        publisher={APS}
}
@article{malijevsky2015filling,
	  title={Filling transitions in acute and open wedges},
	    author={Malijevsk{\`y}, Alexandr and Parry, Andrew O},
	      journal={Physical Review E},
	        volume={91},
		  number={5},
		    pages={052401},
		      year={2015},
		        publisher={APS}
}
@article{parry2001interfacial,
	  title={Interfacial fluctuation effects at 3D wedge-wetting},
	    author={Parry, AO and Rasc{\'o}n, C and Wood, AJ},
	      journal={Fluid phase equilibria},
	        volume={185},
		  number={1},
		    pages={139--146},
		      year={2001},
		        publisher={Elsevier}
}
@article{parry2005extended,
	  title={Extended wedge covariance for wetting and filling transitions},
	    author={Parry, AO and Rascon, C and Morgan, L},
	      journal={The Journal of chemical physics},
	        volume={123},
		  number={23},
		    pages={234105},
		      year={2005},
		        publisher={AIP Publishing}
}
@article{romero2007controlling,
	  title={Controlling the order of wedge filling transitions: the role of line tension},
	    author={Romero-Enrique, Jos{\'e} Manuel and Parry, AO},
	      journal={New Journal of Physics},
	        volume={9},
		  number={6},
		    pages={167},
		      year={2007},
		        publisher={IOP Publishing}
}
@article{parry1999universality,
         title={Universality for 2D wedge wetting},
   author={Parry, AO and Rasc{\'o}n, C and Wood, AJ},
  journal={Physical Review Letters},
  volume={83},
  number={26},
  pages={5535},
  year={1999},
  publisher={APS}
}
@article{parry2000critical,
	  title={Critical effects at 3D wedge wetting},
	    author={Parry, AO and Rasc{\'o}n, C and Wood, AJ},
	      journal={Physical review letters},
	        volume={85},
		  number={2},
		    pages={345},
		      year={2000},
		        publisher={APS}
}
@article{pomeau1986wetting,
	  title={Wetting in a corner and related questions},
	    author={Pomeau, Y},
	      journal={Journal of colloid and interface science},
	        volume={113},
		  number={1},
		    pages={5--11},
		      year={1986},
		        publisher={Elsevier}
}
@article{baratian2015shape,
	  title={On the shape of a droplet in a wedge: new insight from electrowetting},
	    author={Baratian, D and Cavalli, A and van den Ende, D and Mugele, F},
	      journal={Soft matter},
	        volume={11},
		  number={39},
		    pages={7717--7721},
		      year={2015},
		        publisher={Royal Society of Chemistry}
}
@UNPUBLISHED{Parry2006Lecture,
	    author = "Andrew O. Parry",
	        title  = "Lecture notes on Wetting, Filling and Wedge Covariance",
		    note   = "Lectures by Prof. Andrew O. Parry, Notes by Nelson Rei Bernardino, Imperial College London",
		        year   = "2006"
}
@article{ibagon2016three,
	  title={Three-phase contact line and line tension of electrolyte solutions in contact with charged substrates},
	    author={Ibagon, Ingrid and Bier, Markus and Dietrich, S},
	      journal={Journal of Physics: Condensed Matter},
	        volume={28},
		  number={24},
		    pages={244015},
		      year={2016},
		        publisher={IOP Publishing}
}
@article{getta1998line,
	  title={Line tension between fluid phases and a substrate},
	    author={Getta, T and Dietrich, S},
	      journal={Physical Review E},
	        volume={57},
		  number={1},
		    pages={655},
		      year={1998},
		        publisher={APS}
}
@article{dussaud1997wetting,
	  title={Wetting transition of n-alkanes on concentrated aqueous salt solutions. Line tension effect},
	    author={Dussaud, Anne and Vignes-Adler, Mich{\`e}le},
	      journal={Langmuir},
	        volume={13},
		  number={3},
		    pages={581--589},
		      year={1997},
		        publisher={ACS Publications}
}

